<record xmlns="http://www.loc.gov/MARC21/slim" xmlns:xsi="http://www.w3.org/2001/XMLSchema-instance" xsi:schemaLocation="http://www.loc.gov/MARC21/slim http://www.loc.gov/standards/marcxml/schema/MARC21slim.xsd">

  <leader>00490nam a2200157Ia 4500</leader>
  <datafield ind1=" " ind2=" " tag="999">
    <subfield code="c">1097</subfield>
    <subfield code="d">1097</subfield>
  </datafield>
  <controlfield tag="008">180601b2005    cr ||||| |||| 00| | spa d</controlfield>
  <datafield tag="020" ind2=" " ind1=" ">
    <subfield code="a">9977-925-35-6</subfield>
  </datafield>
  <datafield ind1=" " ind2=" " tag="090">
    <subfield code="a">01.02.07 </subfield>
    <subfield code="b">1448</subfield>
  </datafield>
  <datafield ind2=" " tag="110" ind1=" ">
    <subfield code="a">University for Peace</subfield>
    <subfield code="9">2785</subfield>
  </datafield>
  <datafield ind2="4" tag="245" ind1="1">
    <subfield code="a">The role  of the media in conflict prevention and peace building / </subfield>
    <subfield code="c">University for Peace</subfield>
  </datafield>
  <datafield ind2=" " tag="260" ind1=" ">
    <subfield code="a">San José, CR. : </subfield>
    <subfield code="b">University for Peace, </subfield>
    <subfield code="c">2005</subfield>
  </datafield>
  <datafield tag="300" ind2=" " ind1=" ">
    <subfield code="a">128 páginas</subfield>
  </datafield>
  <datafield ind1="1" tag="650" ind2="4">
    <subfield code="a">PAZ</subfield>
    <subfield code="9">725</subfield>
  </datafield>
  <datafield ind2="4" tag="650" ind1="1">
    <subfield code="a">CONFLICTOS</subfield>
    <subfield code="9">3236</subfield>
  </datafield>
  <datafield ind2=" " tag="942" ind1=" ">
    <subfield code="2">z</subfield>
    <subfield code="c">01</subfield>
  </datafield>
</record>